<?xml version="1.0" encoding="UTF-8"?>
  <record xmlns="http://www.loc.gov/MARC21/slim" type="Authority">
    <leader>00000nz  a2200000oc 4500</leader>
    <controlfield tag="001">119868008</controlfield>
    <controlfield tag="003">DE-101</controlfield>
    <controlfield tag="005">20211223104444.0</controlfield>
    <controlfield tag="008">060317n||aznnnaabn           | aaa    |c</controlfield>
    <datafield tag="024" ind1="7" ind2=" ">
      <subfield code="a">119868008</subfield>
      <subfield code="0">http://d-nb.info/gnd/119868008</subfield>
      <subfield code="2">gnd</subfield>
    </datafield>
    <datafield tag="035" ind1=" " ind2=" ">
      <subfield code="a">(DE-101)119868008</subfield>
    </datafield>
    <datafield tag="035" ind1=" " ind2=" ">
      <subfield code="a">(DE-588)119868008</subfield>
    </datafield>
    <datafield tag="035" ind1=" " ind2=" ">
      <subfield code="z">(DE-588a)119868008</subfield>
      <subfield code="9">v:zg</subfield>
    </datafield>
    <datafield tag="040" ind1=" " ind2=" ">
      <subfield code="a">DE-12</subfield>
      <subfield code="c">DE-12</subfield>
      <subfield code="9">r:DE-12</subfield>
      <subfield code="b">ger</subfield>
      <subfield code="d">1031</subfield>
    </datafield>
    <datafield tag="042" ind1=" " ind2=" ">
      <subfield code="a">gnd3</subfield>
    </datafield>
    <datafield tag="043" ind1=" " ind2=" ">
      <subfield code="c">ZZ</subfield>
    </datafield>
    <datafield tag="075" ind1=" " ind2=" ">
      <subfield code="b">p</subfield>
      <subfield code="2">gndgen</subfield>
    </datafield>
    <datafield tag="075" ind1=" " ind2=" ">
      <subfield code="b">piz</subfield>
      <subfield code="2">gndspec</subfield>
    </datafield>
    <datafield tag="079" ind1=" " ind2=" ">
      <subfield code="a">g</subfield>
      <subfield code="q">a</subfield>
      <subfield code="q">f</subfield>
    </datafield>
    <datafield tag="100" ind1="1" ind2=" ">
      <subfield code="a">Werner, Johann Sigismund</subfield>
      <subfield code="d">1491-1554</subfield>
    </datafield>
    <datafield tag="400" ind1="1" ind2=" ">
      <subfield code="a">Sigismundus, Joannes Aurimontanus</subfield>
      <subfield code="d">1491-1554</subfield>
    </datafield>
    <datafield tag="400" ind1="1" ind2=" ">
      <subfield code="a">Sigmund, Johan Wörner genant</subfield>
      <subfield code="d">1491-1554</subfield>
    </datafield>
    <datafield tag="400" ind1="1" ind2=" ">
      <subfield code="a">Sigmund, Johann Werner</subfield>
      <subfield code="d">1491-1554</subfield>
    </datafield>
    <datafield tag="400" ind1="1" ind2=" ">
      <subfield code="a">Sigmund, Johann Wörner genannt</subfield>
      <subfield code="d">1491-1554</subfield>
    </datafield>
    <datafield tag="400" ind1="1" ind2=" ">
      <subfield code="a">Sigmundt, Johann Werner</subfield>
      <subfield code="d">1491-1554</subfield>
    </datafield>
    <datafield tag="400" ind1="1" ind2=" ">
      <subfield code="a">Sigmundt, Johannes Werner</subfield>
      <subfield code="d">1491-1554</subfield>
    </datafield>
    <datafield tag="400" ind1="1" ind2=" ">
      <subfield code="a">Werner Sigmund, Johann</subfield>
      <subfield code="d">1491-1554</subfield>
    </datafield>
    <datafield tag="400" ind1="1" ind2=" ">
      <subfield code="a">Werner Sigmundt, Johann</subfield>
      <subfield code="d">1491-1554</subfield>
    </datafield>
    <datafield tag="400" ind1="1" ind2=" ">
      <subfield code="a">Werner, Johan</subfield>
      <subfield code="d">1491-1554</subfield>
    </datafield>
    <datafield tag="400" ind1="1" ind2=" ">
      <subfield code="a">Werner, Johan Siegmund</subfield>
      <subfield code="d">1491-1554</subfield>
    </datafield>
    <datafield tag="400" ind1="1" ind2=" ">
      <subfield code="a">Werner, Johan Siegmundt</subfield>
      <subfield code="d">1491-1554</subfield>
    </datafield>
    <datafield tag="400" ind1="1" ind2=" ">
      <subfield code="a">Werner, Johan Sigismund</subfield>
      <subfield code="d">1491-1554</subfield>
    </datafield>
    <datafield tag="400" ind1="1" ind2=" ">
      <subfield code="a">Werner, Johan Sigmund</subfield>
      <subfield code="d">1491-1554</subfield>
    </datafield>
    <datafield tag="400" ind1="1" ind2=" ">
      <subfield code="a">Werner, Johan Sigmundt</subfield>
      <subfield code="d">1491-1554</subfield>
    </datafield>
    <datafield tag="400" ind1="1" ind2=" ">
      <subfield code="a">Werner, Johann</subfield>
      <subfield code="d">1491-1554</subfield>
    </datafield>
    <datafield tag="400" ind1="1" ind2=" ">
      <subfield code="a">Werner, Johann Siegmund</subfield>
      <subfield code="d">1491-1554</subfield>
    </datafield>
    <datafield tag="400" ind1="1" ind2=" ">
      <subfield code="a">Werner, Johann Siegmundt</subfield>
      <subfield code="d">1491-1554</subfield>
    </datafield>
    <datafield tag="400" ind1="1" ind2=" ">
      <subfield code="a">Werner, Johann Sigmund</subfield>
      <subfield code="d">1491-1554</subfield>
    </datafield>
    <datafield tag="400" ind1="1" ind2=" ">
      <subfield code="a">Werner, Johann Sigmundt</subfield>
      <subfield code="d">1491-1554</subfield>
    </datafield>
    <datafield tag="400" ind1="1" ind2=" ">
      <subfield code="a">Werner, Johannes Sigmund</subfield>
      <subfield code="d">1491-1554</subfield>
      <subfield code="9">v:(VD-16)</subfield>
    </datafield>
    <datafield tag="400" ind1="1" ind2=" ">
      <subfield code="a">Werner, Siegmund</subfield>
      <subfield code="d">1491-1554</subfield>
    </datafield>
    <datafield tag="400" ind1="1" ind2=" ">
      <subfield code="a">Werner, Siegmundt</subfield>
      <subfield code="d">1491-1554</subfield>
    </datafield>
    <datafield tag="400" ind1="1" ind2=" ">
      <subfield code="a">Werner, Sigismund</subfield>
      <subfield code="d">1491-1554</subfield>
    </datafield>
    <datafield tag="400" ind1="1" ind2=" ">
      <subfield code="a">Werner, Sigmund</subfield>
      <subfield code="d">1491-1554</subfield>
    </datafield>
    <datafield tag="400" ind1="1" ind2=" ">
      <subfield code="a">Werner, Sigmundt</subfield>
      <subfield code="d">1491-1554</subfield>
    </datafield>
    <datafield tag="400" ind1="1" ind2=" ">
      <subfield code="a">Wernerus, Johannes</subfield>
      <subfield code="d">1491-1554</subfield>
    </datafield>
    <datafield tag="400" ind1="1" ind2=" ">
      <subfield code="a">Wörmer, Johan</subfield>
      <subfield code="d">1491-1554</subfield>
    </datafield>
    <datafield tag="400" ind1="1" ind2=" ">
      <subfield code="a">Wörmer, Johann</subfield>
      <subfield code="d">1491-1554</subfield>
    </datafield>
    <datafield tag="400" ind1="1" ind2=" ">
      <subfield code="a">Wörner genannt Sigmund, Johann</subfield>
      <subfield code="d">1491-1554</subfield>
    </datafield>
    <datafield tag="400" ind1="1" ind2=" ">
      <subfield code="a">Wörner genant Sigmund, Johan</subfield>
      <subfield code="d">1491-1554</subfield>
    </datafield>
    <datafield tag="400" ind1="1" ind2=" ">
      <subfield code="a">Wörner, Johan</subfield>
      <subfield code="d">1491-1554</subfield>
    </datafield>
    <datafield tag="400" ind1="1" ind2=" ">
      <subfield code="a">Wörner, Johann</subfield>
      <subfield code="d">1491-1554</subfield>
    </datafield>
    <datafield tag="400" ind1="1" ind2=" ">
      <subfield code="a">Wörner, Johannes</subfield>
      <subfield code="d">1491-1554</subfield>
    </datafield>
    <datafield tag="400" ind1="1" ind2=" ">
      <subfield code="a">Wörner, Johannes</subfield>
      <subfield code="c">Sigmund genant</subfield>
      <subfield code="d">1491-1554</subfield>
    </datafield>
    <datafield tag="510" ind1="2" ind2=" ">
      <subfield code="0">(DE-101)040539288</subfield>
      <subfield code="0">(DE-588)4053928-3</subfield>
      <subfield code="0">https://d-nb.info/gnd/4053928-3</subfield>
      <subfield code="a">Schwenckfelder</subfield>
      <subfield code="4">affi</subfield>
      <subfield code="4">https://d-nb.info/standards/elementset/gnd#affiliation</subfield>
      <subfield code="w">r</subfield>
      <subfield code="i">Affiliation</subfield>
      <subfield code="e">Affiliation</subfield>
    </datafield>
    <datafield tag="548" ind1=" " ind2=" ">
      <subfield code="a">1491-1554</subfield>
      <subfield code="4">datl</subfield>
      <subfield code="4">https://d-nb.info/standards/elementset/gnd#dateOfBirthAndDeath</subfield>
      <subfield code="w">r</subfield>
      <subfield code="i">Lebensdaten</subfield>
      <subfield code="9">v:Geburtsjahr ca., Todesjahr abweichend 1561</subfield>
    </datafield>
    <datafield tag="550" ind1=" " ind2=" ">
      <subfield code="0">(DE-101)040158829</subfield>
      <subfield code="0">(DE-588)4015882-2</subfield>
      <subfield code="0">https://d-nb.info/gnd/4015882-2</subfield>
      <subfield code="a">Evangelischer Theologe</subfield>
      <subfield code="4">berc</subfield>
      <subfield code="4">https://d-nb.info/standards/elementset/gnd#professionOrOccupation</subfield>
      <subfield code="w">r</subfield>
      <subfield code="i">Charakteristischer Beruf</subfield>
    </datafield>
    <datafield tag="550" ind1=" " ind2=" ">
      <subfield code="0">(DE-101)041325923</subfield>
      <subfield code="0">(DE-588)4132592-8</subfield>
      <subfield code="0">https://d-nb.info/gnd/4132592-8</subfield>
      <subfield code="a">Pfarrer</subfield>
      <subfield code="4">beru</subfield>
      <subfield code="4">https://d-nb.info/standards/elementset/gnd#professionOrOccupation</subfield>
      <subfield code="w">r</subfield>
      <subfield code="i">Beruf</subfield>
    </datafield>
    <datafield tag="551" ind1=" " ind2=" ">
      <subfield code="a">Goldberg &lt;Schlesien&gt;</subfield>
      <subfield code="4">ortg</subfield>
      <subfield code="4">https://d-nb.info/standards/elementset/gnd#placeOfBirth</subfield>
      <subfield code="w">r</subfield>
      <subfield code="i">Geburtsort</subfield>
    </datafield>
    <datafield tag="667" ind1=" " ind2=" ">
      <subfield code="a">VD-16</subfield>
    </datafield>
    <datafield tag="667" ind1=" " ind2=" ">
      <subfield code="a">VD-17</subfield>
    </datafield>
    <datafield tag="670" ind1=" " ind2=" ">
      <subfield code="a">Herzig, Arno (Hrsg.): Schlesische Lebensbilder. Bd. 8. Neustadt a.d. Aisch, 2004. S. 47ff.</subfield>
    </datafield>
    <datafield tag="672" ind1=" " ind2="0">
      <subfield code="a">Postill. KVrtze AVßlegung vber die Euangelien so man pflegt zu lesen an den Sontagen vnd ...  1586/1587.  (VD16 W 2057)</subfield>
    </datafield>
    <datafield tag="672" ind1=" " ind2="0">
      <subfield code="a">Ein neuer, recht christlicher Katechismus.  1586.  (VD16 W 2053)</subfield>
    </datafield>
    <datafield tag="672" ind1=" " ind2="0">
      <subfield code="a">Außlegung des Euangelij: Luce ij. Auff den hailigen Christag. Von der geburt Christi zwen ...  1550.  (VD16 W 2046)</subfield>
    </datafield>
    <datafield tag="672" ind1=" " ind2="0">
      <subfield code="a">Postille. Kurze Auslegung über die Evangelien, so man pflegt zu lesen an den Sonntagen und der Heiligen Feste durchs ganze Jahr.  1558.  (VD16 W 2055)</subfield>
    </datafield>
    <datafield tag="672" ind1=" " ind2="0">
      <subfield code="a">Schwenckfeld, Kaspar: Sermon aufs Evangelium Johannes: 3.  1596.  (VD16 S 4949)</subfield>
    </datafield>
    <datafield tag="672" ind1=" " ind2="0">
      <subfield code="a">Ein neuer, recht christlicher Katechismus für die Kinder Gottes.  1575.  (VD16 B 4821)</subfield>
    </datafield>
    <datafield tag="672" ind1=" " ind2="0">
      <subfield code="a">Von der Ernidrigung des Sohnes Gottes vnsers Herren Jesu Christi: vnd von seiner ...  1590.  (VD16 W 2063)</subfield>
    </datafield>
    <datafield tag="672" ind1=" " ind2="0">
      <subfield code="a">Schwenckfeld, Kaspar: Sermon auf Evangelium Johannes: III.  1550.  (VD16 S 4948)</subfield>
    </datafield>
    <datafield tag="672" ind1=" " ind2="0">
      <subfield code="a">Außlegung des Euangelij. Luce ij. Auff den heiligen Christag. Von der geburt Christi zwen ...  1596.  (VD16 W 2047)</subfield>
    </datafield>
    <datafield tag="672" ind1=" " ind2="0">
      <subfield code="a">Postill. Kurtze Außlegung über die Euangelienn so man pflegt z°ulaesen an den Sontagen vnd ...  1558.  (VD16 W 2056)</subfield>
    </datafield>
    <datafield tag="678" ind1=" " ind2=" ">
      <subfield code="b">Dt. Theologe, Anhänger Caspar Schwenckfelds, Reformator in Schlesien; 1507 in Leipzig immatrikuliert, ab 1512 Lehrer in Goldberg, 1523-1532 Hofprediger in Liegnitz bei Herzog Friedrich II. u. Prediger an der St. Johannes-Kirche, 1532-1539 Prediger an der Peter u. Paul-Kirche in Liegnitz, 1539-1554 Pfarrer in Rengersdorf in der Grafschaft Glatz; Verfasser eines Katechismus</subfield>
    </datafield>
    <datafield tag="913" ind1=" " ind2=" ">
      <subfield code="S">pnd</subfield>
      <subfield code="i">a</subfield>
      <subfield code="a">Werner, Johann Sigismund</subfield>
      <subfield code="0">(DE-588a)119868008</subfield>
    </datafield>
  </record>
